<?xml version="1.0" encoding="UTF-8"?><record xmlns="http://www.loc.gov/MARC21/slim" xmlns:cinclude="http://apache.org/cocoon/include/1.0" xmlns:zs="http://www.loc.gov/zing/srw/">
  <leader>00462nz  a2200145n  4500</leader>
  <controlfield tag="001">no2012068373</controlfield>
  <controlfield tag="003">DLC</controlfield>
  <controlfield tag="005">20120518075301.0</controlfield>
  <controlfield tag="008">120516n| acannaabn          |a aaa     c</controlfield>
  <datafield tag="010" ind1=" " ind2=" ">
    <subfield code="a">no2012068373</subfield>
  </datafield>
  <datafield tag="035" ind1=" " ind2=" ">
    <subfield code="a">(OCoLC)oca09200257</subfield>
  </datafield>
  <datafield tag="040" ind1=" " ind2=" ">
    <subfield code="a">LNT</subfield>
    <subfield code="b">eng</subfield>
    <subfield code="c">LNT</subfield>
  </datafield>
  <datafield tag="100" ind1="1" ind2=" ">
    <subfield code="a">Quintero Macias, Carlos</subfield>
  </datafield>
  <datafield tag="400" ind1="1" ind2=" ">
    <subfield code="a">Macias, Carlos Quintero</subfield>
  </datafield>
  <datafield tag="670" ind1=" " ind2=" ">
    <subfield code="a">Los estudiantes y la internet, 2010:</subfield>
    <subfield code="b">t.p. (Carlos Quintero Macias) vita (educator; professor, Universidad de Guadalajara)</subfield>
  </datafield>
</record>